<collection xmlns="http://www.loc.gov/MARC21/slim">
<record>
  <leader>00938nam0a2200193 i 450 </leader>
  <controlfield tag="001">IT\ICCU\CNCE\048849</controlfield>
  <controlfield tag="005">20120614000000.0</controlfield>
  <datafield tag="012" ind1=" " ind2=" ">
    <subfield code="a">tot- e-il t-ho o,i. (C) 1569 (Q)</subfield>
    <subfield code="2">fei</subfield>
  </datafield>
  <datafield tag="100" ind1=" " ind2=" ">
    <subfield code="a">19990831f1569        0itac0103    ba</subfield>
  </datafield>
  <datafield tag="101" ind1=" " ind2=" ">
    <subfield code="a">ITA</subfield>
  </datafield>
  <datafield tag="102" ind1=" " ind2=" ">
    <subfield code="a">IT</subfield>
  </datafield>
  <datafield tag="200" ind1="1" ind2=" ">
    <subfield code="a">Reperitur in breuiaturis instrumentorum confectorum per mult. magn. reg. duc. fisc. publicumque Mediolani not. d. Clementem Arsagum filium quon. mag. d. Galeaz p. n. p. S. Bartholomaei intus Mediolani, inter caetera sic vt infra scriptum est, videlicet</subfield>
  </datafield>
  <datafield tag="210" ind1=" " ind2=" ">
    <subfield code="d">\non prima del 1569!</subfield>
  </datafield>
  <datafield tag="215" ind1=" " ind2=" ">
    <subfield code="a">\8! c.</subfield>
    <subfield code="d">fol</subfield>
  </datafield>
  <datafield tag="300" ind1=" " ind2=" ">
    <subfield code="a">Disposizioni testamentarie della contessa Ludovica Torelli di Guastalla sul Collegio della Guastalla. - La data si ricava dal testo</subfield>
  </datafield>
  <datafield tag="712" ind1="0" ind2="2">
    <subfield code="a">Collegio della Guastalla</subfield>
    <subfield code="c"> &lt;Milano&gt;</subfield>
    <subfield code="3">29722</subfield>
  </datafield>
  <datafield tag="712" ind1="0" ind2="2">
    <subfield code="a">s.n.</subfield>
    <subfield code="3">IT\ICCU\CNCT\000002</subfield>
    <subfield code="4">650</subfield>
  </datafield>
  <datafield tag="801" ind1=" " ind2="3">
    <subfield code="a">IT</subfield>
    <subfield code="b">ICCU</subfield>
    <subfield code="c">20201115</subfield>
  </datafield>
  <datafield tag="899" ind1=" " ind2=" ">
    <subfield code="a">Biblioteca della Societ ̉storica lombarda. Milano</subfield>
    <subfield code="1">MI0255</subfield>
    <subfield code="2">MIL ST</subfield>
  </datafield>
</record>
</collection>
